%% This BibTeX bibliography file was created using BibDesk.
%% http://bibdesk.sourceforge.net/

%% Created for Siddharth Mishra-Sharma at 2021-11-21 14:14:26 -0500 


%% Saved with string encoding Unicode (UTF-8) 


@comment{%% This BibTeX bibliography file was created using BibDesk. %% http://bibdesk.sourceforge.net/  %% Created for Siddharth Mishra-Sharma at 2019-08-29 15:26:07 -0400   %% Saved with string encoding Unicode (UTF-8)}
@comment{%% This BibTeX bibliography file was created using BibDesk. %% http://bibdesk.sourceforge.net/  %% Created for Siddharth Mishra-Sharma at 2019-08-28 21:52:25 -0400    %% Saved with string encoding Unicode (UTF-8)}
@comment{%% This BibTeX bibliography file was created using BibDesk. %% http://bibdesk.sourceforge.net/  %% Created for Siddharth Mishra-Sharma at 2019-08-26 15:09:12 -0400   %% Saved with string encoding Unicode (UTF-8)}
@comment{%% This BibTeX bibliography file was created using BibDesk. %% http://bibdesk.sourceforge.net/  %% Created for Siddharth Mishra-Sharma at 2019-08-13 10:38:59 -0400   %% Saved with string encoding Unicode (UTF-8)}
@comment{%% This BibTeX bibliography file was created using BibDesk. %% http://bibdesk.sourceforge.net/  %% Created for Siddharth Mishra-Sharma at 2019-05-28 10:49:07 -0400    %% Saved with string encoding Unicode (UTF-8)}


@string{june = {June}}


@article{Mishra-Sharma:2021nhh,
	Archiveprefix = {arXiv},
	Author = {Mishra-Sharma, Siddharth},
	Date-Added = {2021-11-21 14:10:25 -0500},
	Date-Modified = {2021-11-21 14:14:23 -0500},
	Eprint = {2110.01620},
	Month = {10},
	Primaryclass = {astro-ph.CO},
	Reportnumber = {MIT-CTP/5331},
	Title = {{Inferring dark matter substructure with astrometric lensing beyond the power spectrum}},
	Year = {2021}}

@article{Vattis:2020kaa,
	Archiveprefix = {arXiv},
	Author = {Vattis, Kyriakos and Toomey, Michael W. and Koushiappas, Savvas M.},
	Date-Added = {2021-10-23 17:44:14 -0400},
	Date-Modified = {2021-10-23 17:44:14 -0400},
	Eprint = {2008.11577},
	Month = {8},
	Primaryclass = {astro-ph.CO},
	Title = {{Deep learning the astrometric signature of dark matter substructure}},
	Year = {2020}}

@article{deepsphere_cosmo,
	Archiveprefix = {arXiv},
	Author = {Perraudin, Nathana\"el and Defferrard, Micha\"el and Kacprzak, Tomasz and Sgier, Raphael},
	Date-Added = {2021-10-04 10:01:49 -0400},
	Date-Modified = {2021-10-04 10:01:49 -0400},
	Doi = {10.1016/j.ascom.2019.03.004},
	Eprint = {1810.12186},
	Issn = {2213-1337},
	Journal = {Astronomy and Computing},
	Month = apr,
	Pages = {130-146},
	Publisher = {Elsevier BV},
	Title = {{DeepSphere}: Efficient spherical Convolutional Neural Network with {HEALPix} sampling for cosmological applications},
	Url = {https://arxiv.org/abs/1810.12186},
	Volume = {27},
	Year = {2019},
	Bdsk-Url-1 = {https://arxiv.org/abs/1810.12186},
	Bdsk-Url-2 = {https://doi.org/10.1016/j.ascom.2019.03.004}}

@article{2016arXiv160609375D,
	Adsnote = {Provided by the SAO/NASA Astrophysics Data System},
	Adsurl = {https://ui.adsabs.harvard.edu/abs/2016arXiv160609375D},
	Archiveprefix = {arXiv},
	Author = {{Defferrard}, Micha{\"e}l and {Bresson}, Xavier and {Vandergheynst}, Pierre},
	Date-Added = {2021-10-04 10:01:01 -0400},
	Date-Modified = {2021-10-04 10:01:09 -0400},
	Eprint = {1606.09375},
	Keywords = {Computer Science - Machine Learning, Statistics - Machine Learning},
	Month = jun,
	Primaryclass = {cs.LG},
	Title = {{Convolutional Neural Networks on Graphs with Fast Localized Spectral Filtering}},
	Year = 2016}

@article{2020arXiv201215000D,
	Adsnote = {Provided by the SAO/NASA Astrophysics Data System},
	Adsurl = {https://ui.adsabs.harvard.edu/abs/2020arXiv201215000D},
	Archiveprefix = {arXiv},
	Author = {{Defferrard}, Micha{\"e}l and {Milani}, Martino and {Gusset}, Fr{\'e}d{\'e}rick and {Perraudin}, Nathana{\"e}l},
	Date-Added = {2021-10-04 09:59:35 -0400},
	Date-Modified = {2021-10-04 09:59:43 -0400},
	Eprint = {2012.15000},
	Keywords = {Computer Science - Machine Learning, Computer Science - Computer Vision and Pattern Recognition, Statistics - Machine Learning},
	Month = dec,
	Primaryclass = {cs.LG},
	Title = {{DeepSphere: a graph-based spherical CNN}},
	Year = 2020}

@article{2020arXiv201202169B,
	Adsnote = {Provided by the SAO/NASA Astrophysics Data System},
	Adsurl = {https://ui.adsabs.harvard.edu/abs/2020arXiv201202169B},
	Archiveprefix = {arXiv},
	Author = {{Bovy}, Jo},
	Date-Added = {2021-10-03 22:52:36 -0400},
	Date-Modified = {2021-10-04 09:50:00 -0400},
	Eid = {arXiv:2012.02169},
	Eprint = {2012.02169},
	Keywords = {Astrophysics - Astrophysics of Galaxies, Astrophysics - Solar and Stellar Astrophysics},
	Month = dec,
	Primaryclass = {astro-ph.GA},
	Title = {{A purely acceleration-based measurement of the fundamental Galactic parameters}},
	Year = 2020}

@article{2019A&A...625L..10G,
	Adsnote = {Provided by the SAO/NASA Astrophysics Data System},
	Adsurl = {https://ui.adsabs.harvard.edu/abs/2019A&A...625L..10G},
	Archiveprefix = {arXiv},
	Author = {{Gravity Collaboration}},
	Date-Added = {2021-10-03 22:52:20 -0400},
	Date-Modified = {2021-10-03 22:52:20 -0400},
	Doi = {10.1051/0004-6361/201935656},
	Eid = {L10},
	Eprint = {1904.05721},
	Journal = {Astron. Astrophys.},
	Keywords = {black hole physics, astrometry, Galaxy: nucleus, Astrophysics - Astrophysics of Galaxies},
	Month = may,
	Pages = {L10},
	Primaryclass = {astro-ph.GA},
	Title = {{A geometric distance measurement to the Galactic center black hole with 0.3\% uncertainty}},
	Volume = {625},
	Year = 2019,
	Bdsk-Url-1 = {https://doi.org/10.1051/0004-6361/201935656}}

@article{2010MNRAS.403.1829S,
	Adsnote = {Provided by the SAO/NASA Astrophysics Data System},
	Adsurl = {https://ui.adsabs.harvard.edu/abs/2010MNRAS.403.1829S},
	Archiveprefix = {arXiv},
	Author = {{Sch{\"o}nrich}, Ralph and {Binney}, James and {Dehnen}, Walter},
	Date-Added = {2021-10-03 18:10:23 -0400},
	Date-Modified = {2021-10-03 18:10:51 -0400},
	Doi = {10.1111/j.1365-2966.2010.16253.x},
	Eprint = {0912.3693},
	Journal = {Mon. Not. Roy. Astron. Soc.},
	Keywords = {stars: kinematics, Galaxy: disc, Galaxy: fundamental parameters, Galaxy: kinematics and dynamics, solar neighbourhood, Astrophysics - Astrophysics of Galaxies},
	Month = apr,
	Number = {4},
	Pages = {1829-1833},
	Primaryclass = {astro-ph.GA},
	Title = {{Local kinematics and the local standard of rest}},
	Volume = {403},
	Year = 2010,
	Bdsk-Url-1 = {https://doi.org/10.1111/j.1365-2966.2010.16253.x}}

@inproceedings{Lisanti:2016jxe,
	Archiveprefix = {arXiv},
	Author = {Lisanti, Mariangela},
	Booktitle = {{Theoretical Advanced Study Institute in Elementary Particle Physics}: {New Frontiers in Fields and Strings}},
	Date-Added = {2021-10-01 00:29:55 -0400},
	Date-Modified = {2021-10-01 00:29:55 -0400},
	Doi = {10.1142/9789813149441_0007},
	Eprint = {1603.03797},
	Pages = {399--446},
	Primaryclass = {hep-ph},
	Title = {{Lectures on Dark Matter Physics}},
	Year = {2017},
	Bdsk-Url-1 = {https://doi.org/10.1142/9789813149441_0007}}

@book{1939isss.book.....C,
	Adsnote = {Provided by the SAO/NASA Astrophysics Data System},
	Adsurl = {https://ui.adsabs.harvard.edu/abs/1939isss.book.....C},
	Author = {{Chandrasekhar}, Subrahmanyan},
	Date-Added = {2021-10-01 00:29:19 -0400},
	Date-Modified = {2021-10-01 00:29:19 -0400},
	Title = {{An introduction to the study of stellar structure}},
	Year = 1939}

@article{Kerr:1986hz,
	Author = {Kerr, F. J. and Lynden-Bell, Donald},
	Date-Added = {2021-10-01 00:17:41 -0400},
	Date-Modified = {2021-10-01 00:17:41 -0400},
	Journal = {Mon. Not. Roy. Astron. Soc.},
	Pages = {1023},
	Title = {{Review of galactic constants}},
	Volume = {221},
	Year = {1986}}

@article{Piffl:2013mla,
	Archiveprefix = {arXiv},
	Author = {Piffl, Til and others},
	Date-Added = {2021-10-01 00:16:47 -0400},
	Date-Modified = {2021-10-01 00:16:47 -0400},
	Doi = {10.1051/0004-6361/201322531},
	Eprint = {1309.4293},
	Journal = {Astron. Astrophys.},
	Pages = {A91},
	Primaryclass = {astro-ph.GA},
	Title = {{The RAVE survey: the Galactic escape speed and the mass of the Milky Way}},
	Volume = {562},
	Year = {2014},
	Bdsk-Url-1 = {https://doi.org/10.1051/0004-6361/201322531}}

@article{Sanchez-Conde:2013yxa,
	Archiveprefix = {arXiv},
	Author = {S\'anchez-Conde, Miguel A. and Prada, Francisco},
	Date-Added = {2021-09-30 19:52:11 -0400},
	Date-Modified = {2021-09-30 19:52:11 -0400},
	Doi = {10.1093/mnras/stu1014},
	Eprint = {1312.1729},
	Journal = {Mon. Not. Roy. Astron. Soc.},
	Number = {3},
	Pages = {2271--2277},
	Primaryclass = {astro-ph.CO},
	Title = {{The flattening of the concentration\textendash{}mass relation towards low halo masses and its implications for the annihilation signal boost}},
	Volume = {442},
	Year = {2014},
	Bdsk-Url-1 = {https://doi.org/10.1093/mnras/stu1014}}

@article{2021A&A...649A...1G,
	Adsnote = {Provided by the SAO/NASA Astrophysics Data System},
	Adsurl = {https://ui.adsabs.harvard.edu/abs/2021A&A...649A...1G},
	Archiveprefix = {arXiv},
	Author = {{Gaia Collaboration}},
	Date-Added = {2021-09-30 19:47:21 -0400},
	Date-Modified = {2021-09-30 19:48:57 -0400},
	Doi = {10.1051/0004-6361/202039657},
	Eid = {A1},
	Eprint = {2012.01533},
	Journal = {Astron. Astrophys.},
	Keywords = {catalogs, astrometry, parallaxes, proper motions, techniques: photometric, techniques: radial velocities, Astrophysics - Astrophysics of Galaxies},
	Month = may,
	Pages = {A1},
	Primaryclass = {astro-ph.GA},
	Title = {{Gaia Early Data Release 3. Summary of the contents and survey properties}},
	Volume = {649},
	Year = 2021,
	Bdsk-Url-1 = {https://doi.org/10.1051/0004-6361/202039657}}

@article{Dalcanton:2000hn,
	Archiveprefix = {arXiv},
	Author = {Dalcanton, Julianne J. and Hogan, Craig J.},
	Date-Added = {2021-09-30 17:39:07 -0400},
	Date-Modified = {2021-09-30 17:39:07 -0400},
	Doi = {10.1086/323207},
	Eprint = {astro-ph/0004381},
	Journal = {Astrophys. J.},
	Pages = {35--45},
	Title = {{Halo cores and phase space densities: Observational constraints on dark matter physics and structure formation}},
	Volume = {561},
	Year = {2001},
	Bdsk-Url-1 = {https://doi.org/10.1086/323207}}

@article{Bode:2000gq,
	Archiveprefix = {arXiv},
	Author = {Bode, Paul and Ostriker, Jeremiah P. and Turok, Neil},
	Date-Added = {2021-09-30 17:38:44 -0400},
	Date-Modified = {2021-09-30 17:38:44 -0400},
	Doi = {10.1086/321541},
	Eprint = {astro-ph/0010389},
	Journal = {Astrophys. J.},
	Pages = {93--107},
	Title = {{Halo formation in warm dark matter models}},
	Volume = {556},
	Year = {2001},
	Bdsk-Url-1 = {https://doi.org/10.1086/321541}}

@article{Schutz:2020jox,
	Archiveprefix = {arXiv},
	Author = {Schutz, Katelin},
	Date-Added = {2021-09-30 17:36:39 -0400},
	Date-Modified = {2021-09-30 17:36:39 -0400},
	Doi = {10.1103/PhysRevD.101.123026},
	Eprint = {2001.05503},
	Journal = {Phys. Rev. D},
	Number = {12},
	Pages = {123026},
	Primaryclass = {astro-ph.CO},
	Reportnumber = {MIT-CTP/5173},
	Title = {{Subhalo mass function and ultralight bosonic dark matter}},
	Volume = {101},
	Year = {2020},
	Bdsk-Url-1 = {https://doi.org/10.1103/PhysRevD.101.123026}}

@article{Vegetti:2012mc,
	Archiveprefix = {arXiv},
	Author = {Vegetti, S. and Lagattuta, D. J. and McKean, J. P. and Auger, M. W. and Fassnacht, C. D. and Koopmans, L. V. E.},
	Date-Added = {2021-09-30 17:32:57 -0400},
	Date-Modified = {2021-09-30 17:32:57 -0400},
	Doi = {10.1038/nature10669},
	Eprint = {1201.3643},
	Journal = {Nature},
	Pages = {341},
	Primaryclass = {astro-ph.CO},
	Title = {{Gravitational detection of a low-mass dark satellite at cosmological distance}},
	Volume = {481},
	Year = {2012},
	Bdsk-Url-1 = {https://doi.org/10.1038/nature10669}}

@article{Gilman:2019nap,
	Archiveprefix = {arXiv},
	Author = {Gilman, Daniel and Birrer, Simon and Nierenberg, Anna and Treu, Tommaso and Du, Xiaolong and Benson, Andrew},
	Date-Added = {2021-09-30 17:31:22 -0400},
	Date-Modified = {2021-09-30 17:31:22 -0400},
	Doi = {10.1093/mnras/stz3480},
	Eprint = {1908.06983},
	Journal = {Mon. Not. Roy. Astron. Soc.},
	Number = {4},
	Pages = {6077--6101},
	Primaryclass = {astro-ph.CO},
	Title = {{Warm dark matter chills out: constraints on the halo mass function and the free-streaming length of dark matter with eight quadruple-image strong gravitational lenses}},
	Volume = {491},
	Year = {2020},
	Bdsk-Url-1 = {https://doi.org/10.1093/mnras/stz3480}}

@article{Vegetti:2009cz,
	Archiveprefix = {arXiv},
	Author = {Vegetti, S. and Koopmans, L. V. E. and Bolton, A. and Treu, T. and Gavazzi, R.},
	Date-Added = {2021-09-30 17:29:47 -0400},
	Date-Modified = {2021-09-30 17:29:47 -0400},
	Doi = {10.1111/j.1365-2966.2010.16865.x},
	Eprint = {0910.0760},
	Journal = {Mon. Not. Roy. Astron. Soc.},
	Pages = {1969},
	Primaryclass = {astro-ph.CO},
	Title = {{Detection of a Dark Substructure through Gravitational Imaging}},
	Volume = {408},
	Year = {2010},
	Bdsk-Url-1 = {https://doi.org/10.1111/j.1365-2966.2010.16865.x}}

@article{Hezaveh:2016ltk,
	Archiveprefix = {arXiv},
	Author = {Hezaveh, Yashar D. and others},
	Date-Added = {2021-09-30 17:29:13 -0400},
	Date-Modified = {2021-09-30 17:29:13 -0400},
	Doi = {10.3847/0004-637X/823/1/37},
	Eprint = {1601.01388},
	Journal = {Astrophys. J.},
	Number = {1},
	Pages = {37},
	Primaryclass = {astro-ph.CO},
	Title = {{Detection of lensing substructure using ALMA observations of the dusty galaxy SDP.81}},
	Volume = {823},
	Year = {2016},
	Bdsk-Url-1 = {https://doi.org/10.3847/0004-637X/823/1/37}}

@inproceedings{Green:2021jrr,
	Archiveprefix = {arXiv},
	Author = {Green, Anne M.},
	Booktitle = {{Les Houches summer school on Dark Matter}},
	Date-Added = {2021-09-30 17:12:04 -0400},
	Date-Modified = {2021-09-30 17:12:04 -0400},
	Eprint = {2109.05854},
	Month = {9},
	Primaryclass = {hep-ph},
	Title = {{Dark Matter in Astrophysics/Cosmology}},
	Year = {2021}}

@article{Buckley:2017ijx,
	Archiveprefix = {arXiv},
	Author = {Buckley, Matthew R. and Peter, Annika H. G.},
	Date-Added = {2021-09-30 17:04:17 -0400},
	Date-Modified = {2021-09-30 17:04:17 -0400},
	Doi = {10.1016/j.physrep.2018.07.003},
	Eprint = {1712.06615},
	Journal = {Phys. Rept.},
	Pages = {1--60},
	Primaryclass = {astro-ph.CO},
	Title = {{Gravitational probes of dark matter physics}},
	Volume = {761},
	Year = {2018},
	Bdsk-Url-1 = {https://doi.org/10.1016/j.physrep.2018.07.003}}

@article{Stoye:2018ovl,
	Archiveprefix = {arXiv},
	Author = {Stoye, Markus and Brehmer, Johann and Louppe, Gilles and Pavez, Juan and Cranmer, Kyle},
	Date-Added = {2021-09-30 16:10:36 -0400},
	Date-Modified = {2021-09-30 16:10:36 -0400},
	Eprint = {1808.00973},
	Month = {8},
	Primaryclass = {stat.ML},
	Title = {{Likelihood-free inference with an improved cross-entropy estimator}},
	Year = {2018}}

@article{Valogiannis:2021chp,
	Archiveprefix = {arXiv},
	Author = {Valogiannis, Georgios and Dvorkin, Cora},
	Date-Added = {2021-09-30 15:21:46 -0400},
	Date-Modified = {2021-09-30 15:21:46 -0400},
	Eprint = {2108.07821},
	Month = {8},
	Primaryclass = {astro-ph.CO},
	Title = {{Towards an Optimal Estimation of Cosmological Parameters with the Wavelet Scattering Transform}},
	Year = {2021}}

@article{2021arXiv210202828M,
	Adsnote = {Provided by the SAO/NASA Astrophysics Data System},
	Adsurl = {https://ui.adsabs.harvard.edu/abs/2021arXiv210202828M},
	Archiveprefix = {arXiv},
	Author = {{McEwen}, Jason D. and {Wallis}, Christopher G.~R. and {Mavor-Parker}, Augustine N.},
	Date-Added = {2021-09-24 14:33:14 -0400},
	Date-Modified = {2021-10-04 09:51:29 -0400},
	Eprint = {2102.02828},
	Keywords = {Computer Science - Computer Vision and Pattern Recognition, Astrophysics - Instrumentation and Methods for Astrophysics, Computer Science - Machine Learning, Electrical Engineering and Systems Science - Image and Video Processing},
	Month = feb,
	Primaryclass = {cs.CV},
	Title = {{Scattering Networks on the Sphere for Scalable and Rotationally Equivariant Spherical CNNs}},
	Year = 2021}

@article{2021arXiv210411244S,
	Adsnote = {Provided by the SAO/NASA Astrophysics Data System},
	Adsurl = {https://ui.adsabs.harvard.edu/abs/2021arXiv210411244S},
	Archiveprefix = {arXiv},
	Author = {{Saydjari}, Andrew K. and {Finkbeiner}, Douglas P.},
	Date-Added = {2021-09-24 14:32:40 -0400},
	Date-Modified = {2021-10-04 09:51:35 -0400},
	Eprint = {2104.11244},
	Keywords = {Computer Science - Computer Vision and Pattern Recognition, Astrophysics - Instrumentation and Methods for Astrophysics},
	Month = apr,
	Primaryclass = {cs.CV},
	Title = {{Equivariant Wavelets: Fast Rotation and Translation Invariant Wavelet Scattering Transforms}},
	Year = 2021}

@article{2021arXiv210709145H,
	Adsnote = {Provided by the SAO/NASA Astrophysics Data System},
	Adsurl = {https://ui.adsabs.harvard.edu/abs/2021arXiv210709145H},
	Archiveprefix = {arXiv},
	Author = {{Ha}, Wooseok and {Singh}, Chandan and {Lanusse}, Francois and {Upadhyayula}, Srigokul and {Yu}, Bin},
	Date-Added = {2021-09-24 14:31:39 -0400},
	Date-Modified = {2021-10-04 09:51:40 -0400},
	Eprint = {2107.09145},
	Keywords = {Statistics - Machine Learning, Computer Science - Machine Learning},
	Month = jul,
	Primaryclass = {stat.ML},
	Title = {{Adaptive wavelet distillation from neural networks through interpretations}},
	Year = 2021}

@article{Cheng:2020qbx,
	Archiveprefix = {arXiv},
	Author = {Cheng, Sihao and Ting, Yuan-Sen and M\'enard, Brice and Bruna, Joan},
	Date-Added = {2021-09-24 14:30:54 -0400},
	Date-Modified = {2021-09-24 14:30:54 -0400},
	Doi = {10.1093/mnras/staa3165},
	Eprint = {2006.08561},
	Journal = {Mon. Not. Roy. Astron. Soc.},
	Number = {4},
	Pages = {5902--5914},
	Primaryclass = {astro-ph.CO},
	Title = {{A new approach to observational cosmology using the scattering transform}},
	Volume = {499},
	Year = {2020},
	Bdsk-Url-1 = {https://doi.org/10.1093/mnras/staa3165}}

@article{defferrard2016convolutional,
	Author = {Defferrard, Micha{\"e}l and Bresson, Xavier and Vandergheynst, Pierre},
	Date-Added = {2021-09-21 23:47:53 -0400},
	Date-Modified = {2021-09-21 23:47:53 -0400},
	Journal = {Advances in neural information processing systems},
	Pages = {3844--3852},
	Title = {Convolutional neural networks on graphs with fast localized spectral filtering},
	Volume = {29},
	Year = {2016}}

@article{Perraudin:2018rbt,
	Archiveprefix = {arXiv},
	Author = {Perraudin, Nathana\"el and Defferrard, Micha\"el and Kacprzak, Tomasz and Sgier, Raphael},
	Date-Added = {2021-09-21 23:47:00 -0400},
	Date-Modified = {2021-09-21 23:47:00 -0400},
	Doi = {10.1016/j.ascom.2019.03.004},
	Eprint = {1810.12186},
	Journal = {Astron. Comput.},
	Pages = {130--146},
	Primaryclass = {astro-ph.CO},
	Title = {{DeepSphere: Efficient spherical Convolutional Neural Network with HEALPix sampling for cosmological applications}},
	Volume = {27},
	Year = {2019},
	Bdsk-Url-1 = {https://doi.org/10.1016/j.ascom.2019.03.004}}

@inproceedings{chen2020developments,
	Author = {Chen, Andrew and others},
	Booktitle = {Proceedings of the fourth international workshop on data management for end-to-end machine learning},
	Date-Added = {2021-09-21 23:43:29 -0400},
	Date-Modified = {2021-10-01 11:56:35 -0400},
	Pages = {1--4},
	Title = {Developments in MLflow: A System to Accelerate the Machine Learning Lifecycle},
	Year = {2020}}

@software{william_falcon_2020_3828935,
	Author = {William Falcon and others},
	Date-Added = {2021-09-21 23:43:16 -0400},
	Date-Modified = {2021-09-21 23:43:16 -0400},
	Doi = {10.5281/zenodo.3828935},
	Month = may,
	Publisher = {Zenodo},
	Title = {PyTorchLightning/pytorch-lightning: 0.7.6 release},
	Url = {https://doi.org/10.5281/zenodo.3828935},
	Version = {0.7.6},
	Year = 2020,
	Bdsk-Url-1 = {https://doi.org/10.5281/zenodo.3828935}}

@inproceedings{Fey/Lenssen/2019,
	Author = {Fey, Matthias and Lenssen, Jan E.},
	Booktitle = {ICLR Workshop on Representation Learning on Graphs and Manifolds},
	Date-Added = {2021-09-21 23:43:09 -0400},
	Date-Modified = {2021-09-21 23:43:09 -0400},
	Title = {Fast Graph Representation Learning with {PyTorch Geometric}},
	Year = {2019}}

@article{tejero-cantero2020sbi,
	Author = {Alvaro Tejero-Cantero and others},
	Date-Added = {2021-09-21 23:41:31 -0400},
	Date-Modified = {2021-09-21 23:41:31 -0400},
	Doi = {10.21105/joss.02505},
	Journal = {Journal of Open Source Software},
	Number = {52},
	Pages = {2505},
	Publisher = {The Open Journal},
	Title = {sbi: A toolkit for simulation-based inference},
	Url = {https://doi.org/10.21105/joss.02505},
	Volume = {5},
	Year = {2020},
	Bdsk-Url-1 = {https://doi.org/10.21105/joss.02505}}

@software{michael_defferrard_2017_1003158,
	Author = {Micha{\"e}l Defferrard and Lionel Martin and Rodrigo Pena and Nathana{\"e}l Perraudin},
	Date-Added = {2021-09-21 23:41:17 -0400},
	Date-Modified = {2021-10-04 13:36:41 -0400},
	Doi = {10.5281/zenodo.1003158},
	Month = oct,
	Publisher = {Zenodo},
	Title = {{PyGSP: Graph Signal Processing in Python}},
	Url = {https://doi.org/10.5281/zenodo.1003158},
	Version = {v0.5.0},
	Year = 2017,
	Bdsk-Url-1 = {https://doi.org/10.5281/zenodo.1003158}}

@article{Pardo:2021uzy,
	Archiveprefix = {arXiv},
	Author = {Pardo, Kris and Dor\'e, Olivier},
	Date-Added = {2021-09-21 22:53:39 -0400},
	Date-Modified = {2021-09-21 22:53:39 -0400},
	Eprint = {2108.10886},
	Month = {8},
	Primaryclass = {astro-ph.CO},
	Title = {{Detecting dark matter subhalos with the Nancy Grace Roman Space Telescope}},
	Year = {2021}}

@article{Tegmark:1996qt,
	Archiveprefix = {arXiv},
	Author = {Tegmark, Max},
	Date-Added = {2021-09-21 22:38:13 -0400},
	Date-Modified = {2021-09-21 22:38:13 -0400},
	Doi = {10.1103/PhysRevD.55.5895},
	Eprint = {astro-ph/9611174},
	Journal = {Phys. Rev. D},
	Pages = {5895--5907},
	Reportnumber = {IASSNS-AST-96-63},
	Title = {{How to measure CMB power spectra without losing information}},
	Volume = {55},
	Year = {1997},
	Bdsk-Url-1 = {https://doi.org/10.1103/PhysRevD.55.5895}}

@misc{esteves2020spinweighted,
	Archiveprefix = {arXiv},
	Author = {Carlos Esteves and Ameesh Makadia and Kostas Daniilidis},
	Date-Added = {2021-09-21 17:02:00 -0400},
	Date-Modified = {2021-10-01 11:57:42 -0400},
	Eprint = {2006.10731},
	Primaryclass = {cs.CV},
	Title = {{Spin-Weighted Spherical CNNs}},
	Year = {2020}}

@misc{loshchilov2019decoupled,
	Archiveprefix = {arXiv},
	Author = {Ilya Loshchilov and Frank Hutter},
	Date-Added = {2021-09-21 16:34:34 -0400},
	Date-Modified = {2021-09-21 16:34:34 -0400},
	Eprint = {1711.05101},
	Primaryclass = {cs.LG},
	Title = {Decoupled Weight Decay Regularization},
	Year = {2019}}

@misc{kingma2017adam,
	Archiveprefix = {arXiv},
	Author = {Diederik P. Kingma and Jimmy Ba},
	Date-Added = {2021-09-21 16:34:09 -0400},
	Date-Modified = {2021-09-21 16:34:09 -0400},
	Eprint = {1412.6980},
	Primaryclass = {cs.LG},
	Title = {Adam: A Method for Stochastic Optimization},
	Year = {2017}}

@misc{lin2014network,
	Archiveprefix = {arXiv},
	Author = {Min Lin and Qiang Chen and Shuicheng Yan},
	Date-Added = {2021-09-21 16:27:23 -0400},
	Date-Modified = {2021-09-21 16:27:23 -0400},
	Eprint = {1312.4400},
	Primaryclass = {cs.NE},
	Title = {Network In Network},
	Year = {2014}}

@misc{mohamed2017learning,
	Archiveprefix = {arXiv},
	Author = {Shakir Mohamed and Balaji Lakshminarayanan},
	Date-Added = {2021-09-21 15:37:45 -0400},
	Date-Modified = {2021-09-21 15:37:45 -0400},
	Eprint = {1610.03483},
	Primaryclass = {stat.ML},
	Title = {Learning in Implicit Generative Models},
	Year = {2017}}

@article{2019JATIS...5d4005W,
	Adsnote = {Provided by the SAO/NASA Astrophysics Data System},
	Adsurl = {https://ui.adsabs.harvard.edu/abs/2019JATIS...5d4005W},
	Archiveprefix = {arXiv},
	Author = {{WFIRST Astrometry Working Group}},
	Date-Added = {2021-08-20 09:48:22 -0400},
	Date-Modified = {2021-08-20 09:48:40 -0400},
	Doi = {10.1117/1.JATIS.5.4.044005},
	Eid = {044005},
	Eprint = {1712.05420},
	Journal = {Journal of Astronomical Telescopes, Instruments, and Systems},
	Keywords = {Astrophysics - Instrumentation and Methods for Astrophysics, Astrophysics - Earth and Planetary Astrophysics, Astrophysics - Astrophysics of Galaxies, Astrophysics - Solar and Stellar Astrophysics},
	Month = oct,
	Pages = {044005},
	Primaryclass = {astro-ph.IM},
	Title = {{Astrometry with the Wide-Field Infrared Space Telescope}},
	Volume = {5},
	Year = 2019,
	Bdsk-Url-1 = {https://doi.org/10.1117/1.JATIS.5.4.044005}}

@article{Jarvis:2015tqa,
	Archiveprefix = {arXiv},
	Author = {Jarvis, Matt J. and Bacon, David and Blake, Chris and Brown, Michael L. and Lindsay, Sam N. and Raccanelli, Alvise and Santos, Mario and Schwarz, Dominik},
	Date-Added = {2021-08-20 09:47:40 -0400},
	Date-Modified = {2021-08-20 09:47:40 -0400},
	Eprint = {1501.03825},
	Month = {1},
	Primaryclass = {astro-ph.CO},
	Title = {{Cosmology with SKA Radio Continuum Surveys}},
	Year = {2015}}

@article{Fomalont:2004hr,
	Archiveprefix = {arXiv},
	Author = {Fomalont, Edward B. and Reid, M.},
	Date-Added = {2021-08-20 09:47:31 -0400},
	Date-Modified = {2021-08-20 09:47:31 -0400},
	Doi = {10.1016/j.newar.2004.09.037},
	Eprint = {astro-ph/0409611},
	Journal = {New Astron. Rev.},
	Pages = {1473--1482},
	Title = {{Microarcsecond astrometry using the SKA}},
	Volume = {48},
	Year = {2004},
	Bdsk-Url-1 = {https://doi.org/10.1016/j.newar.2004.09.037}}

@article{Brehmer:2018eca,
	Archiveprefix = {arXiv},
	Author = {Brehmer, Johann and Cranmer, Kyle and Louppe, Gilles and Pavez, Juan},
	Date-Added = {2021-08-18 15:49:02 -0400},
	Date-Modified = {2021-08-18 15:49:02 -0400},
	Doi = {10.1103/PhysRevD.98.052004},
	Eprint = {1805.00020},
	Journal = {Phys. Rev. D},
	Number = {5},
	Pages = {052004},
	Primaryclass = {hep-ph},
	Title = {{A Guide to Constraining Effective Field Theories with Machine Learning}},
	Volume = {98},
	Year = {2018},
	Bdsk-Url-1 = {https://doi.org/10.1103/PhysRevD.98.052004}}

@article{Brehmer:2018kdj,
	Archiveprefix = {arXiv},
	Author = {Brehmer, Johann and Cranmer, Kyle and Louppe, Gilles and Pavez, Juan},
	Date-Added = {2021-08-18 15:48:56 -0400},
	Date-Modified = {2021-08-18 15:48:56 -0400},
	Doi = {10.1103/PhysRevLett.121.111801},
	Eprint = {1805.00013},
	Journal = {Phys. Rev. Lett.},
	Number = {11},
	Pages = {111801},
	Primaryclass = {hep-ph},
	Title = {{Constraining Effective Field Theories with Machine Learning}},
	Volume = {121},
	Year = {2018},
	Bdsk-Url-1 = {https://doi.org/10.1103/PhysRevLett.121.111801}}

@article{Brehmer:2018hga,
	Archiveprefix = {arXiv},
	Author = {Brehmer, Johann and Louppe, Gilles and Pavez, Juan and Cranmer, Kyle},
	Date-Added = {2021-08-18 15:48:50 -0400},
	Date-Modified = {2021-08-18 15:48:50 -0400},
	Doi = {10.1073/pnas.1915980117},
	Eprint = {1805.12244},
	Journal = {Proc. Nat. Acad. Sci.},
	Number = {10},
	Pages = {5242--5249},
	Primaryclass = {stat.ML},
	Title = {{Mining gold from implicit models to improve likelihood-free inference}},
	Volume = {117},
	Year = {2020},
	Bdsk-Url-1 = {https://doi.org/10.1073/pnas.1915980117}}

@article{Navarro:1995iw,
	Archiveprefix = {arXiv},
	Author = {Navarro, Julio F. and Frenk, Carlos S. and White, Simon D. M.},
	Date-Added = {2021-08-18 15:23:59 -0400},
	Date-Modified = {2021-08-18 15:23:59 -0400},
	Doi = {10.1086/177173},
	Eprint = {astro-ph/9508025},
	Journal = {Astrophys. J.},
	Pages = {563--575},
	Title = {{The Structure of cold dark matter halos}},
	Volume = {462},
	Year = {1996},
	Bdsk-Url-1 = {https://doi.org/10.1086/177173}}

@article{2017MNRAS.467.2019R,
	Adsnote = {Provided by the SAO/NASA Astrophysics Data System},
	Adsurl = {https://ui.adsabs.harvard.edu/abs/2017MNRAS.467.2019R},
	Archiveprefix = {arXiv},
	Author = {{Read}, J.~I. and {Iorio}, G. and {Agertz}, O. and {Fraternali}, F.},
	Date-Added = {2021-08-18 14:45:10 -0400},
	Date-Modified = {2021-08-18 14:45:18 -0400},
	Doi = {10.1093/mnras/stx147},
	Eprint = {1607.03127},
	Journal = {Mon. Not. Roy. Astron. Soc.},
	Keywords = {(cosmology:) dark matter, (cosmology:) cosmological parameters, (galaxies:) Local Group, galaxies: dwarf, galaxies: irregular, galaxies: kinematics, galaxies: kinematics and dynamics, Local Group, cosmological parameters, dark matter, Astrophysics - Astrophysics of Galaxies},
	Month = may,
	Number = {2},
	Pages = {2019-2038},
	Primaryclass = {astro-ph.GA},
	Title = {{The stellar mass-halo mass relation of isolated field dwarfs: a critical test of {\ensuremath{\Lambda}}CDM at the edge of galaxy formation}},
	Volume = {467},
	Year = 2017,
	Bdsk-Url-1 = {https://doi.org/10.1093/mnras/stx147}}

@article{Fitts:2016usl,
	Archiveprefix = {arXiv},
	Author = {Fitts, Alex and others},
	Date-Added = {2021-08-18 14:44:48 -0400},
	Date-Modified = {2021-08-18 14:44:48 -0400},
	Doi = {10.1093/mnras/stx1757},
	Eprint = {1611.02281},
	Journal = {Mon. Not. Roy. Astron. Soc.},
	Number = {3},
	Pages = {3547--3562},
	Primaryclass = {astro-ph.GA},
	Title = {{FIRE in the Field: Simulating the Threshold of Galaxy Formation}},
	Volume = {471},
	Year = {2017},
	Bdsk-Url-1 = {https://doi.org/10.1093/mnras/stx1757}}

@article{Baldi:2016fzo,
	Archiveprefix = {arXiv},
	Author = {Baldi, Pierre and Cranmer, Kyle and Faucett, Taylor and Sadowski, Peter and Whiteson, Daniel},
	Date-Added = {2021-08-18 14:20:14 -0400},
	Date-Modified = {2021-08-18 14:20:14 -0400},
	Doi = {10.1140/epjc/s10052-016-4099-4},
	Eprint = {1601.07913},
	Journal = {Eur. Phys. J. C},
	Number = {5},
	Pages = {235},
	Primaryclass = {hep-ex},
	Title = {{Parameterized neural networks for high-energy physics}},
	Volume = {76},
	Year = {2016},
	Bdsk-Url-1 = {https://doi.org/10.1140/epjc/s10052-016-4099-4}}

@article{Hermans:2020skz,
	Archiveprefix = {arXiv},
	Author = {Hermans, Joeri and Banik, Nilanjan and Weniger, Christoph and Bertone, Gianfranco and Louppe, Gilles},
	Date-Added = {2021-08-18 14:19:10 -0400},
	Date-Modified = {2021-08-18 14:19:10 -0400},
	Eprint = {2011.14923},
	Month = {11},
	Primaryclass = {astro-ph.GA},
	Title = {{Towards constraining warm dark matter with stellar streams through neural simulation-based inference}},
	Year = {2020}}

@article{2018A&A...616A..14G,
	Adsnote = {Provided by the SAO/NASA Astrophysics Data System},
	Adsurl = {https://ui.adsabs.harvard.edu/abs/2018A&A...616A..14G},
	Archiveprefix = {arXiv},
	Author = {{Gaia Collaboration}},
	Date-Added = {2021-08-18 14:14:13 -0400},
	Date-Modified = {2021-08-18 14:14:24 -0400},
	Doi = {10.1051/0004-6361/201832916},
	Eid = {A14},
	Eprint = {1804.09377},
	Journal = {Astron. Astrophys.},
	Keywords = {astrometry, reference systems, catalogs, Astrophysics - Astrophysics of Galaxies, Astrophysics - Instrumentation and Methods for Astrophysics},
	Month = aug,
	Pages = {A14},
	Primaryclass = {astro-ph.GA},
	Title = {{Gaia Data Release 2. The celestial reference frame (Gaia-CRF2)}},
	Volume = {616},
	Year = 2018,
	Bdsk-Url-1 = {https://doi.org/10.1051/0004-6361/201832916}}

@article{2018A&A...616A...2L,
	Adsnote = {Provided by the SAO/NASA Astrophysics Data System},
	Adsurl = {https://ui.adsabs.harvard.edu/abs/2018A&A...616A...2L},
	Archiveprefix = {arXiv},
	Author = {{Lindegren}, L. and others},
	Date-Added = {2021-08-18 14:01:12 -0400},
	Date-Modified = {2021-08-18 14:01:28 -0400},
	Doi = {10.1051/0004-6361/201832727},
	Eid = {A2},
	Eprint = {1804.09366},
	Journal = {Astron. Astrophys.},
	Keywords = {astrometry, parallaxes, proper motions, methods: data analysis, space vehicles: instruments, reference systems, Astrophysics - Instrumentation and Methods for Astrophysics},
	Month = aug,
	Pages = {A2},
	Primaryclass = {astro-ph.IM},
	Title = {{Gaia Data Release 2. The astrometric solution}},
	Volume = {616},
	Year = 2018,
	Bdsk-Url-1 = {https://doi.org/10.1051/0004-6361/201832727}}

@article{2018A&A...616A...1G,
	Adsnote = {Provided by the SAO/NASA Astrophysics Data System},
	Adsurl = {https://ui.adsabs.harvard.edu/abs/2018A&A...616A...1G},
	Archiveprefix = {arXiv},
	Author = {{Gaia Collaboration}},
	Date-Added = {2021-08-18 14:00:50 -0400},
	Date-Modified = {2021-08-18 14:01:01 -0400},
	Doi = {10.1051/0004-6361/201833051},
	Eid = {A1},
	Eprint = {1804.09365},
	Journal = {Astron. Astrophys.},
	Keywords = {catalogs, astrometry, techniques: radial velocities, stars: fundamental parameters, stars: variables: general, minor planets, asteroids: general, Astrophysics - Astrophysics of Galaxies, Astrophysics - Instrumentation and Methods for Astrophysics},
	Month = aug,
	Pages = {A1},
	Primaryclass = {astro-ph.GA},
	Title = {{Gaia Data Release 2. Summary of the contents and survey properties}},
	Volume = {616},
	Year = 2018,
	Bdsk-Url-1 = {https://doi.org/10.1051/0004-6361/201833051}}

@article{2016A&A...595A...1G,
	Adsnote = {Provided by the SAO/NASA Astrophysics Data System},
	Adsurl = {https://ui.adsabs.harvard.edu/abs/2016A&A...595A...1G},
	Archiveprefix = {arXiv},
	Author = {{Gaia Collaboration}},
	Date-Added = {2021-08-18 12:22:41 -0400},
	Date-Modified = {2021-08-18 12:23:18 -0400},
	Doi = {10.1051/0004-6361/201629272},
	Eid = {A1},
	Eprint = {1609.04153},
	Journal = {Astron. Astrophys.},
	Keywords = {space vehicles: instruments, Galaxy: structure, astrometry, parallaxes, proper motions, telescopes, Astrophysics - Instrumentation and Methods for Astrophysics},
	Month = nov,
	Pages = {A1},
	Primaryclass = {astro-ph.IM},
	Title = {{The Gaia mission}},
	Volume = {595},
	Year = 2016,
	Bdsk-Url-1 = {https://doi.org/10.1051/0004-6361/201629272}}

@article{Hutten:2016jko,
	Archiveprefix = {arXiv},
	Author = {H\"utten, M. and Combet, C. and Maier, G. and Maurin, D.},
	Date-Added = {2021-08-18 12:19:06 -0400},
	Date-Modified = {2021-08-18 12:19:06 -0400},
	Doi = {10.1088/1475-7516/2016/09/047},
	Eprint = {1606.04898},
	Journal = {JCAP},
	Pages = {047},
	Primaryclass = {astro-ph.HE},
	Reportnumber = {DESY-16-124},
	Title = {{Dark matter substructure modelling and sensitivity of the Cherenkov Telescope Array to Galactic dark halos}},
	Volume = {09},
	Year = {2016},
	Bdsk-Url-1 = {https://doi.org/10.1088/1475-7516/2016/09/047}}

@article{Springel:2008cc,
	Archiveprefix = {arXiv},
	Author = {Springel, Volker and Wang, Jie and Vogelsberger, Mark and Ludlow, Aaron and Jenkins, Adrian and Helmi, Amina and Navarro, Julio F. and Frenk, Carlos S. and White, Simon D. M.},
	Date-Added = {2021-08-18 12:18:18 -0400},
	Date-Modified = {2021-08-18 12:18:18 -0400},
	Doi = {10.1111/j.1365-2966.2008.14066.x},
	Eprint = {0809.0898},
	Journal = {Mon. Not. Roy. Astron. Soc.},
	Pages = {1685--1711},
	Primaryclass = {astro-ph},
	Title = {{The Aquarius Project: the subhalos of galactic halos}},
	Volume = {391},
	Year = {2008},
	Bdsk-Url-1 = {https://doi.org/10.1111/j.1365-2966.2008.14066.x}}

@article{Hutten:2019tew,
	Archiveprefix = {arXiv},
	Author = {H\"utten, Moritz and Stref, Martin and Combet, C\'eline and Lavalle, Julien and Maurin, David},
	Date-Added = {2021-08-18 12:17:56 -0400},
	Date-Modified = {2021-08-18 12:17:56 -0400},
	Doi = {10.3390/galaxies7020060},
	Eprint = {1904.10935},
	Journal = {Galaxies},
	Number = {2},
	Pages = {60},
	Primaryclass = {astro-ph.HE},
	Reportnumber = {HALO-SPECIAL\_ISSUE/2020/06},
	Title = {{$\gamma$-ray and $\nu$ searches for dark matter subhalos in the Milky Way with a baryonic potential}},
	Volume = {7},
	Year = {2019},
	Bdsk-Url-1 = {https://doi.org/10.3390/galaxies7020060}}

@article{Hermans:2019ioj,
	Archiveprefix = {arXiv},
	Author = {Hermans, Joeri and Begy, Volodimir and Louppe, Gilles},
	Date-Added = {2021-08-09 18:42:57 -0400},
	Date-Modified = {2021-08-09 18:42:57 -0400},
	Eprint = {1903.04057},
	Month = {3},
	Primaryclass = {stat.ML},
	Title = {{Likelihood-free MCMC with Amortized Approximate Ratio Estimators}},
	Year = {2019}}

@article{Brehmer:2019jyt,
	Archiveprefix = {arXiv},
	Author = {Brehmer, Johann and Mishra-Sharma, Siddharth and Hermans, Joeri and Louppe, Gilles and Cranmer, Kyle},
	Date-Added = {2021-08-09 18:42:20 -0400},
	Date-Modified = {2021-08-09 18:42:20 -0400},
	Doi = {10.3847/1538-4357/ab4c41},
	Eprint = {1909.02005},
	Journal = {Astrophys. J.},
	Number = {1},
	Pages = {49},
	Primaryclass = {astro-ph.CO},
	Title = {{Mining for Dark Matter Substructure: Inferring subhalo population properties from strong lenses with machine learning}},
	Volume = {886},
	Year = {2019},
	Bdsk-Url-1 = {https://doi.org/10.3847/1538-4357/ab4c41}}

@article{Cranmer:2019eaq,
	Archiveprefix = {arXiv},
	Author = {Cranmer, Kyle and Brehmer, Johann and Louppe, Gilles},
	Date-Added = {2021-08-09 18:42:01 -0400},
	Date-Modified = {2021-08-09 18:42:01 -0400},
	Doi = {10.1073/pnas.1912789117},
	Eprint = {1911.01429},
	Journal = {Proc. Nat. Acad. Sci.},
	Number = {48},
	Pages = {30055--30062},
	Primaryclass = {stat.ML},
	Title = {{The frontier of simulation-based inference}},
	Volume = {117},
	Year = {2020},
	Bdsk-Url-1 = {https://doi.org/10.1073/pnas.1912789117}}

@article{Cranmer:2015bka,
	Archiveprefix = {arXiv},
	Author = {Cranmer, Kyle and Pavez, Juan and Louppe, Gilles},
	Date-Added = {2021-08-09 18:41:27 -0400},
	Date-Modified = {2021-08-09 18:41:27 -0400},
	Eprint = {1506.02169},
	Month = {6},
	Primaryclass = {stat.AP},
	Title = {{Approximating Likelihood Ratios with Calibrated Discriminative Classifiers}},
	Year = {2015}}

@article{Mondino:2020rkn,
	Archiveprefix = {arXiv},
	Author = {Mondino, Cristina and Taki, Anna-Maria and Van Tilburg, Ken and Weiner, Neal},
	Date-Added = {2021-08-09 18:40:37 -0400},
	Date-Modified = {2021-08-09 18:40:37 -0400},
	Doi = {10.1103/PhysRevLett.125.111101},
	Eprint = {2002.01938},
	Journal = {Phys. Rev. Lett.},
	Number = {11},
	Pages = {111101},
	Primaryclass = {astro-ph.CO},
	Title = {{First Results on Dark Matter Substructure from Astrometric Weak Lensing}},
	Volume = {125},
	Year = {2020},
	Bdsk-Url-1 = {https://doi.org/10.1103/PhysRevLett.125.111101}}

@article{VanTilburg:2018ykj,
	Archiveprefix = {arXiv},
	Author = {Van Tilburg, Ken and Taki, Anna-Maria and Weiner, Neal},
	Date-Added = {2021-08-09 18:40:01 -0400},
	Date-Modified = {2021-08-09 18:40:01 -0400},
	Doi = {10.1088/1475-7516/2018/07/041},
	Eprint = {1804.01991},
	Journal = {JCAP},
	Pages = {041},
	Primaryclass = {astro-ph.CO},
	Title = {{Halometry from Astrometry}},
	Volume = {07},
	Year = {2018},
	Bdsk-Url-1 = {https://doi.org/10.1088/1475-7516/2018/07/041}}

@article{Mishra-Sharma:2020ynk,
	Archiveprefix = {arXiv},
	Author = {Mishra-Sharma, Siddharth and Van Tilburg, Ken and Weiner, Neal},
	Date-Added = {2021-08-09 18:39:06 -0400},
	Date-Modified = {2021-08-09 18:39:06 -0400},
	Doi = {10.1103/PhysRevD.102.023026},
	Eprint = {2003.02264},
	Journal = {Phys. Rev. D},
	Number = {2},
	Pages = {023026},
	Primaryclass = {astro-ph.CO},
	Title = {{Power of halometry}},
	Volume = {102},
	Year = {2020},
	Bdsk-Url-1 = {https://doi.org/10.1103/PhysRevD.102.023026}}

@incollection{NEURIPS2019_9015,
	Author = {Paszke, Adam and others},
	Booktitle = {Advances in Neural Information Processing Systems 32},
	Date-Added = {2020-09-30 12:05:42 -0400},
	Date-Modified = {2021-10-23 17:42:40 -0400},
	Editor = {H. Wallach and H. Larochelle and A. Beygelzimer and F. d\textquotesingle Alch\'{e}-Buc and E. Fox and R. Garnett},
	Pages = {8024--8035},
	Publisher = {Curran Associates, Inc.},
	Title = {PyTorch: An Imperative Style, High-Performance Deep Learning Library},
	Year = {2019},
	Bdsk-Url-1 = {http://papers.neurips.cc/paper/9015-pytorch-an-imperative-style-high-performance-deep-learning-library.pdf}}

@article{2020SciPy-NMeth,
	Adsurl = {https://rdcu.be/b08Wh},
	Author = {Virtanen, Pauli and others},
	Date-Added = {2020-09-30 12:01:16 -0400},
	Date-Modified = {2020-11-30 17:35:50 -0500},
	Doi = {10.1038/s41592-019-0686-2},
	Journal = {Nature Methods},
	Pages = {261--272},
	Title = {{{SciPy} 1.0: Fundamental Algorithms for Scientific Computing in Python}},
	Volume = {17},
	Year = {2020},
	Bdsk-Url-1 = {https://doi.org/10.1038/s41592-019-0686-2}}

@software{michael_waskom_2017_883859,
	Author = {Michael Waskom and others},
	Date-Added = {2020-09-17 15:18:32 -0400},
	Date-Modified = {2020-11-30 17:36:26 -0500},
	Doi = {10.5281/zenodo.883859},
	Month = sep,
	Publisher = {Zenodo},
	Title = {mwaskom/seaborn: v0.8.1 (September 2017)},
	Url = {https://doi.org/10.5281/zenodo.883859},
	Version = {v0.8.1},
	Year = 2017,
	Bdsk-Url-1 = {https://doi.org/10.5281/zenodo.883859}}

@article{harris_array_2020,
	Abstract = {Array programming provides a powerful, compact and expressive syntax for accessing, manipulating and operating on data in vectors, matrices and higher-dimensional arrays. NumPy is the primary array programming library for the Python language. It has an essential role in research analysis pipelines in fields as diverse as physics, chemistry, astronomy, geoscience, biology, psychology, materials science, engineering, finance and economics. For example, in astronomy, NumPy was an important part of the software stack used in the discovery of gravitational waves1 and in the first imaging of a black hole2. Here we review how a few fundamental array concepts lead to a simple and powerful programming paradigm for organizing, exploring and analysing scientific data. NumPy is the foundation upon which the scientific Python ecosystem is constructed. It is so pervasive that several projects, targeting audiences with specialized needs, have developed their own NumPy-like interfaces and array objects. Owing to its central position in the ecosystem, NumPy increasingly acts as an interoperability layer between such array computation libraries and, together with its application programming interface (API), provides a flexible framework to support the next decade of scientific and industrial analysis.},
	Author = {Harris, Charles R. and others},
	Date-Added = {2020-09-17 15:16:59 -0400},
	Date-Modified = {2020-11-30 17:35:40 -0500},
	Doi = {10.1038/s41586-020-2649-2},
	Issn = {1476-4687},
	Journal = {Nature},
	Month = sep,
	Number = {7825},
	Pages = {357--362},
	Title = {Array programming with {NumPy}},
	Url = {https://doi.org/10.1038/s41586-020-2649-2},
	Volume = {585},
	Year = {2020},
	Bdsk-Url-1 = {https://doi.org/10.1038/s41586-020-2649-2}}

@article{Zonca2019,
	Author = {Andrea Zonca and Leo Singer and Daniel Lenz and Martin Reinecke and Cyrille Rosset and Eric Hivon and Krzysztof Gorski},
	Date-Added = {2020-09-17 14:24:27 -0400},
	Date-Modified = {2021-10-01 15:50:36 -0400},
	Doi = {10.21105/joss.01298},
	Journal = {Journal of Open Source Software},
	Month = mar,
	Number = {35},
	Pages = {1298},
	Publisher = {The Open Journal},
	Title = {{healpy: equal area pixelization and spherical harmonics transforms for data on the sphere in Python}},
	Url = {https://doi.org/10.21105/joss.01298},
	Volume = {4},
	Year = {2019},
	Bdsk-Url-1 = {https://doi.org/10.21105/joss.01298}}

@article{PER-GRA:2007,
	Author = {P\'erez, Fernando and Granger, Brian E.},
	Date-Added = {2020-09-17 14:24:27 -0400},
	Date-Modified = {2020-09-17 14:24:27 -0400},
	Doi = {10.1109/MCSE.2007.53},
	Issn = {1521-9615},
	Journal = {Computing in Science and Engineering},
	Month = may,
	Number = {3},
	Pages = {21--29},
	Publisher = {IEEE Computer Society},
	Title = {{IP}ython: a System for Interactive Scientific Computing},
	Url = {http://ipython.org},
	Volume = {9},
	Year = 2007,
	Bdsk-Url-1 = {http://ipython.org},
	Bdsk-Url-2 = {http://dx.doi.org/10.1109/MCSE.2007.53}}

@article{Gorski:2004by,
	Archiveprefix = {arXiv},
	Author = {Gorski, K. M. and Hivon, Eric and Banday, A. J. and Wandelt, B. D. and Hansen, F. K. and Reinecke, M. and Bartelman, M.},
	Date-Added = {2020-09-17 14:24:27 -0400},
	Date-Modified = {2020-09-17 14:24:27 -0400},
	Doi = {10.1086/427976},
	Eprint = {astro-ph/0409513},
	Journal = {Astrophys. J.},
	Pages = {759-771},
	Primaryclass = {astro-ph},
	Slaccitation = {%%CITATION = ASTRO-PH/0409513;%%},
	Title = {{HEALPix - A Framework for high resolution discretization, and fast analysis of data distributed on the sphere}},
	Volume = {622},
	Year = {2005},
	Bdsk-Url-1 = {http://dx.doi.org/10.1086/427976}}

@article{Price-Whelan:2018hus,
	Archiveprefix = {arXiv},
	Author = {Price-Whelan, A.M. and others},
	Date-Added = {2020-09-09 18:59:32 -0400},
	Date-Modified = {2020-09-09 18:59:32 -0400},
	Doi = {10.3847/1538-3881/aabc4f},
	Eprint = {1801.02634},
	Journal = {Astron. J.},
	Number = {3},
	Pages = {123},
	Title = {{The Astropy Project: Building an Open-science Project and Status of the v2.0 Core Package}},
	Volume = {156},
	Year = {2018},
	Bdsk-Url-1 = {https://doi.org/10.3847/1538-3881/aabc4f}}

@article{Robitaille:2013mpa,
	Archiveprefix = {arXiv},
	Author = {Robitaille, Thomas P. and others},
	Collaboration = {Astropy},
	Date-Added = {2020-09-09 18:58:50 -0400},
	Date-Modified = {2020-09-09 18:58:50 -0400},
	Doi = {10.1051/0004-6361/201322068},
	Eprint = {1307.6212},
	Journal = {Astron. Astrophys.},
	Pages = {A33},
	Primaryclass = {astro-ph.IM},
	Title = {{Astropy: A Community Python Package for Astronomy}},
	Volume = {558},
	Year = {2013},
	Bdsk-Url-1 = {https://doi.org/10.1051/0004-6361/201322068}}

@article{bingham2019pyro,
	Author = {Eli Bingham and Jonathan P. Chen and Martin Jankowiak and Fritz Obermeyer and Neeraj Pradhan and Theofanis Karaletsos and Rohit Singh and Paul A. Szerlip and Paul Horsfall and Noah D. Goodman},
	Date-Added = {2020-09-03 16:47:45 -0400},
	Date-Modified = {2020-09-30 11:59:34 -0400},
	Journal = {J. Mach. Learn. Res.},
	Pages = {28:1--28:6},
	Title = {{Pyro: Deep Universal Probabilistic Programming}},
	Url = {http://jmlr.org/papers/v20/18-403.html},
	Volume = {20},
	Year = {2019},
	Bdsk-Url-1 = {http://jmlr.org/papers/v20/18-403.html}}

@article{Hunter:2007,
	Abstract = {Matplotlib is a 2D graphics package used for Python
for application development, interactive scripting, and
publication-quality image generation across user
interfaces and operating systems.},
	Author = {Hunter, J. D.},
	Date-Added = {2019-04-11 22:40:10 -0400},
	Date-Modified = {2020-09-30 11:57:18 -0400},
	Journal = {Computing In Science \& Engineering},
	Number = {3},
	Pages = {90--95},
	Publisher = {IEEE COMPUTER SOC},
	Title = {{Matplotlib: A 2D graphics environment}},
	Volume = {9},
	Year = {2007}}

@inproceedings{Kluyver2016JupyterN,
	Author = {Thomas Kluyver and others},
	Booktitle = {ELPUB},
	Date-Added = {2019-08-26 15:09:08 -0400},
	Date-Modified = {2020-11-30 17:34:42 -0500},
	Title = {Jupyter Notebooks - a publishing format for reproducible computational workflows},
	Year = {2016}}

@comment{BibDesk Static Groups{
<?xml version="1.0" encoding="UTF-8"?>
<!DOCTYPE plist PUBLIC "-//Apple//DTD PLIST 1.0//EN" "http://www.apple.com/DTDs/PropertyList-1.0.dtd">
<plist version="1.0">
<array>
	<dict>
		<key>group name</key>
		<string>GP</string>
		<key>keys</key>
		<string></string>
	</dict>
</array>
</plist>
}}
